%% This BibTeX bibliography file was created using BibDesk.
%% http://bibdesk.sourceforge.net/


%% Created for Luke Bornn at 2015-05-12 15:37:38 -0700 


%% Saved with string encoding Unicode (UTF-8) 



@article{thomas2013competing,
	Author = {Thomas, AC and Ventura, Samuel L and Jensen, Shane T and Ma, Stephen},
	Date-Added = {2014-03-21 01:04:16 +0000},
	Date-Modified = {2014-03-21 01:04:30 +0000},
	Journal = {The Annals of Applied Statistics},
	Number = {3},
	Pages = {1497--1524},
	Publisher = {Institute of Mathematical Statistics},
	Title = {Competing Process Hazard Function Models for Player Ratings in Ice Hockey},
	Volume = {7},
	Year = {2013}}

@article{glickman1999parameter,
	Author = {Glickman, Mark E},
	Date-Added = {2014-03-20 17:44:31 +0000},
	Date-Modified = {2014-03-20 17:44:31 +0000},
	Journal = {Journal of the Royal Statistical Society: Series C (Applied Statistics)},
	Number = {3},
	Pages = {377--394},
	Publisher = {Wiley Online Library},
	Title = {Parameter estimation in large dynamic paired comparison experiments},
	Volume = {48},
	Year = {1999}}

@article{bradley1952rank,
	Author = {Bradley, Ralph Allan and Terry, Milton E},
	Date-Added = {2014-03-20 17:42:12 +0000},
	Date-Modified = {2014-03-20 17:42:13 +0000},
	Journal = {Biometrika},
	Pages = {324--345},
	Publisher = {JSTOR},
	Title = {Rank analysis of incomplete block designs: I. The method of paired comparisons},
	Year = {1952}}

@article{rao1967ties,
	Author = {Rao, PV and Kupper, Lawrence L},
	Date-Added = {2014-03-20 17:40:43 +0000},
	Date-Modified = {2014-03-20 17:40:45 +0000},
	Journal = {Journal of the American Statistical Association},
	Number = {317},
	Pages = {194--204},
	Publisher = {Taylor \& Francis Group},
	Title = {Ties in paired-comparison experiments: A generalization of the Bradley-Terry model},
	Volume = {62},
	Year = {1967}}

@article{davidson1970extending,
	Author = {Davidson, Roger R},
	Date-Added = {2014-03-20 17:40:01 +0000},
	Date-Modified = {2014-03-20 17:40:01 +0000},
	Journal = {Journal of the American Statistical Association},
	Number = {329},
	Pages = {317--328},
	Publisher = {Taylor \& Francis Group},
	Title = {On extending the Bradley-Terry model to accommodate ties in paired comparison experiments},
	Volume = {65},
	Year = {1970}}

@article{draper1963does,
	Author = {Draper, Norman R},
	Date-Added = {2014-03-20 17:29:17 +0000},
	Date-Modified = {2014-03-20 17:29:18 +0000},
	Journal = {Journal of the Royal Statistical Society: Series A (General)},
	Pages = {120--127},
	Publisher = {JSTOR},
	Title = {Does Age Affect Master Chess?},
	Year = {1963}}

@article{berry2001how-ferocious,
	Author = {Berry, Scott M},
	Date-Added = {2014-03-20 16:33:41 +0000},
	Date-Modified = {2014-03-20 16:33:42 +0000},
	Journal = {Chance},
	Number = {3},
	Pages = {51--56},
	Title = {How ferocious is Tiger},
	Volume = {14},
	Year = {2001}}

@article{connolly2008skill,
	Author = {Connolly, Robert A and Rendleman Jr, Richard J},
	Date-Added = {2014-03-20 16:30:22 +0000},
	Date-Modified = {2014-03-20 16:30:22 +0000},
	Journal = {Journal of the American Statistical Association},
	Number = {481},
	Pages = {74--88},
	Publisher = {Taylor \& Francis},
	Title = {Skill, luck, and streaky play on the PGA tour},
	Volume = {103},
	Year = {2008}}

@article{albright1993a-statistical,
	Author = {Albright, S Christian},
	Date-Added = {2014-03-20 16:15:01 +0000},
	Date-Modified = {2014-03-20 16:15:01 +0000},
	Journal = {Journal of the American Statistical Association},
	Number = {424},
	Pages = {1175--1183},
	Publisher = {Taylor \& Francis},
	Title = {A statistical analysis of hitting streaks in baseball},
	Volume = {88},
	Year = {1993}}

@article{albert1994exploring,
	Author = {Albert, Jim},
	Date-Added = {2014-03-20 16:10:54 +0000},
	Date-Modified = {2014-03-20 16:10:56 +0000},
	Journal = {Journal of the American Statistical Association},
	Number = {427},
	Pages = {1066--1074},
	Publisher = {Taylor \& Francis Group},
	Title = {Exploring baseball hitting data: What about those breakdown statistics?},
	Volume = {89},
	Year = {1994}}

@book{james2010the-new-bill,
	Author = {James, Bill},
	Date-Added = {2014-03-20 16:03:26 +0000},
	Date-Modified = {2014-03-20 16:03:27 +0000},
	Publisher = {Simon and Schuster},
	Title = {The new Bill James historical baseball abstract},
	Year = {2010}}

@book{james1984the-bill,
	Author = {James, Bill},
	Date-Added = {2014-03-20 16:02:22 +0000},
	Date-Modified = {2014-03-20 16:02:23 +0000},
	Publisher = {Ballantine Books New York},
	Title = {The Bill James Baseball Abstract, 1984},
	Year = {1984}}

@article{efron1975data,
	Author = {Efron, Bradley and Morris, Carl},
	Date-Added = {2014-03-20 15:50:03 +0000},
	Date-Modified = {2014-03-20 15:50:04 +0000},
	Journal = {Journal of the American Statistical Association},
	Number = {350},
	Pages = {311--319},
	Publisher = {Taylor \& Francis Group},
	Title = {Data analysis using Stein's estimator and its generalizations},
	Volume = {70},
	Year = {1975}}

@electronic{smithwar-explained,
	Author = {S. Smith},
	Date-Added = {2014-01-06 18:37:42 +0000},
	Date-Modified = {2014-01-06 22:05:12 +0000},
	Howpublished = {{\url{http://www.baseball-reference.com/about/war_explained.shtml}}},
	Lastchecked = {January 2014},
	Title = {{WAR} Explained},
	Bdsk-Url-1 = {http://www.baseball-reference.com/about/war_explained.shtml}}

@article{cox1959the-analysis,
	Author = {D. Cox},
	Date-Added = {2014-01-06 18:31:38 +0000},
	Date-Modified = {2014-01-06 22:01:27 +0000},
	Journal = {Journal of the Royal Statistical Society: Series B (Methodological)},
	Number = {2},
	Pages = {411--421},
	Title = {The analysis of exponentially distributed life-times with two types of failure},
	Volume = {21},
	Year = {1959}}

@article{prentice1978the-analysis,
	Author = {R. Prentice and J. Kalbfleisch and A. Peterson Jr. and N. Flournoy},
	Date-Added = {2014-01-06 18:30:59 +0000},
	Date-Modified = {2014-01-06 22:04:38 +0000},
	Journal = {Biometrics},
	Number = {4},
	Pages = {541--554},
	Publisher = {JSTOR},
	Title = {The Analysis of Failure Times in the Presence of Competing Risks},
	Volume = {34},
	Year = {1978}}

@book{tango2007the,
	Address = {Washington, D.C},
	Author = {T. Tango},
	Date-Modified = {2014-01-06 21:58:36 +0000},
	Isbn = {1597971294},
	Publisher = {Potomac Books},
	Title = {The Book: playing the percentages in baseball},
	Year = {2007}}

@article{goldner2012markov,
	Author = {K. Goldner},
	Date-Modified = {2014-01-06 22:03:14 +0000},
	Journal = {Journal of Quantitative Analysis in Sports [online]},
	Number = {1},
	Publisher = {Berkeley Electronic Press},
	Title = {A {M}arkov Model of Football: Using Stochastic Processes to Model a Football Drive},
	Volume = {8},
	Year = {2012}}

@article{rue2009approximate,
	Author = {H. Rue and S. Martino and N. Chopin},
	Date-Modified = {2014-01-06 22:04:49 +0000},
	Journal = {Journal of the Royal Statistical Society: Series B (Methodological)},
	Number = {2},
	Pages = {319--392},
	Publisher = {Wiley Online Library},
	Title = {Approximate {B}ayesian Inference for Latent {G}aussian Models by Using Integrated Nested {L}aplace Approximations},
	Volume = {71},
	Year = {2009}}

@article{lindgren2011explicit,
	Author = {F. Lindgren and H. Rue and J Lindstr{\"o}m},
	Date-Modified = {2014-01-06 21:57:41 +0000},
	Journal = {Journal of the Royal Statistical Society: Series B (Methodological)},
	Number = {4},
	Pages = {423--498},
	Publisher = {Wiley Online Library},
	Title = {An Explicit Link Between {G}aussian Fields and {G}aussian {M}arkov Random Fields: the Stochastic Partial Differential Equation Approach},
	Volume = {73},
	Year = {2011}}

@book{hollinger2004pro,
	Address = {Washington, D.C},
	Author = {J. Hollinger},
	Date-Modified = {2014-01-06 22:45:09 +0000},
	Isbn = {1574889621},
	Publisher = {Potomac Books},
	Title = {Pro Basketball Forecast, 2005-06},
	Year = {2005}}

@article{omidiran2011pm,
	Author = {D. Omidiran},
	Date-Modified = {2014-01-07 00:02:11 +0000},
	Journal = {MIT Sloan Sports Analytics Conference [online]},
	Title = {A New Look at Adjusted Plus/Minus for Basketball Analysis},
	Volume = {2011},
	Year = {2011}}

@article{vstrumbelj2012simulating,
	Author = {{\v{S}}trumbelj, Erik and Vra{\v{c}}ar, Petar},
	Journal = {International Journal of Forecasting},
	Number = {2},
	Pages = {532--542},
	Publisher = {Elsevier},
	Title = {Simulating a Basketball Match with a Homogeneous Markov Model and Forecasting the Outcome},
	Volume = {28},
	Year = {2012}}

@article{stern1994brownian,
	Author = {Stern, Hal S},
	Journal = {Journal of the American Statistical Association},
	Number = {427},
	Pages = {1128--1134},
	Publisher = {Taylor \& Francis Group},
	Title = {A Brownian Motion Model for the Progress of Sports Scores},
	Volume = {89},
	Year = {1994}}

@article{prentice1978analysis,
	Author = {Prentice, Ross L and Kalbfleisch, John D and Peterson Jr, Arthur V and Flournoy, Nancy and Farewell, VT and Breslow, NE},
	Journal = {Biometrics},
	Pages = {541--554},
	Publisher = {JSTOR},
	Title = {The Analysis of Failure Times in the Presence of Competing Risks},
	Year = {1978}}

@book{ripley2005spatial,
	Author = {Ripley, Brian D},
	Publisher = {Wiley. com},
	Title = {Spatial Statistics},
	Volume = {575},
	Year = {2005}}

@incollection{miller2013icml,
	Author = {A. Miller and L. Bornn and R. Adams and K. Goldsberry},
	Booktitle = {Proceedings of the 31st International Conference on Machine Learning},
	Jornal = {International Conference on Machine Learning 2013},
	Pages = {235--243},
	Title = {Factorized Point Process Intensities: A Spatial Analysis of Professional Basketball},
	Year = {2013}}

@article{goldsberry2013sloan,
	Author = {K. Goldsberry and E. Weiss},
	Journal = {MIT Sloan Sports Analytics Conference 2013},
	Title = {The Dwight Effect: A New Ensemble of Interior Defense Analytics for the NBA},
	Year = {2013}}

@inproceedings{goldsberry2012courtvision,
	Author = {Goldsberry, Kirk},
	Organization = {MIT Sloan Sports Analytics Conference 2012},
	Title = {Courtvision: New Visual and Spatial Analytics for the NBA},
	Year = {2012}}

@article{laird1981covariance,
	Author = {Laird, Nan and Olivier, Donald},
	Journal = {Journal of the American Statistical Association},
	Number = {374},
	Pages = {231--240},
	Publisher = {Taylor \& Francis Group},
	Title = {Covariance Analysis of Censored Survival Data Using Log-Linear Analysis Techniques},
	Volume = {76},
	Year = {1981}}

@book{rasmussen2006gaussian,
	Address = {Cambridge, MA},
	Author = {Rasmussen, Carl Edward},
	Publisher = {MIT Press},
	Title = {Gaussian Processes for Machine Learning},
	Year = {2006}}

@article{burke2010,
	Author = {Burke, Brian},
	Journal = {www.advancedfootballanalytics.com},
	Title = {Win Probability Added (WPA) Explained},
	Volume = {(website)},
	Year = {2010}}

@incollection{higdon2002space,
	Address = {New York, NY},
	Author = {Higdon, Dave},
	Booktitle = {Quantitative Methods for Current Environmental Issues},
	Pages = {37--56},
	Publisher = {Springer},
	Title = {Space and Space-Time Modeling Using Process Convolutions},
	Year = {2002}}

@article{quinonero2005unifying,
	Author = {Qui{\~n}onero-Candela, Joaquin and Rasmussen, Carl Edward},
	Journal = {The Journal of Machine Learning Research},
	Pages = {1939--1959},
	Publisher = {JMLR. org},
	Title = {A Unifying View of Sparse Approximate Gaussian Process Regression},
	Volume = {6},
	Year = {2005}}

@article{besag1974spatial,
	Author = {Besag, Julian},
	Journal = {Journal of the Royal Statistical Society: Series B (Methodological)},
	Number = {2},
	Pages = {192--236},
	Publisher = {JSTOR},
	Title = {Spatial Interaction and the Statistical Analysis of Lattice Systems},
	Volume = {36},
	Year = {1974}}

@article{brook1964distinction,
	Author = {Brook, D},
	Journal = {Biometrika},
	Number = {3-4},
	Pages = {481--483},
	Publisher = {Biometrika Trust},
	Title = {On the Distinction Between the Conditional Probability and the Joint Probability Approaches in the Specification of Nearest-Neighbour Systems},
	Volume = {51},
	Year = {1964}}

@article{besag1991bayesian,
	Author = {Besag, Julian and York, Jeremy and Molli{\'e}, Annie},
	Journal = {Annals of the Institute of Statistical Mathematics},
	Number = {1},
	Pages = {1--20},
	Publisher = {Springer},
	Title = {Bayesian Image Restoration, with two Applications in Spatial Statistics},
	Volume = {43},
	Year = {1991}}

@article{gelfand2003proper,
	Author = {Gelfand, Alan E and Vounatsou, Penelope},
	Journal = {Biostatistics},
	Number = {1},
	Pages = {11--15},
	Publisher = {Biometrika Trust},
	Title = {Proper Multivariate Conditional Autoregressive Models for Spatial Data Analysis},
	Volume = {4},
	Year = {2003}}

@article{franks2014defensive,
	Author = {Franks, Alexander and Miller, Andrew and Bornn, Luke and Goldsberry, Kirk},
	Date-Modified = {2015-05-12 22:37:32 +0000},
	Journal = {Annals of Applied Statistics},
	Title = {Characterizing the Spatial Structure of Defensive Skill in Professional Basketball},
	Year = {2015}}

@article{bukiet1997markov,
	Author = {Bukiet, Bruce and Harold, Elliotte Rusty and Palacios, Jos{\'e} Luis},
	Journal = {Operations Research},
	Number = {1},
	Pages = {14--23},
	Publisher = {INFORMS},
	Title = {A Markov Chain Approach to Baseball},
	Volume = {45},
	Year = {1997}}

@incollection{ihler2006adaptive,
	Address = {New York, NY},
	Author = {Ihler, Alexander and Hutchins, Jon and Smyth, Padhraic},
	Booktitle = {Proceedings of the 12th ACM SIGKDD International Conference on Knowledge Discovery and Data Mining},
	Pages = {207--216},
	Publisher = {ACM},
	Title = {Adaptive Event Detection with Time-Varying Poisson Processes},
	Year = {2006}}

@article{thomas2013competing,
	Author = {Thomas, AC and Ventura, Samuel L and Jensen, Shane T and Ma, Stephen},
	Journal = {The Annals of Applied Statistics},
	Number = {3},
	Pages = {1497--1524},
	Publisher = {Institute of Mathematical Statistics},
	Title = {Competing Process Hazard Function Models for Player Ratings in Ice Hockey},
	Volume = {7},
	Year = {2013}}

@incollection{shao2011data,
	Address = {New York, NY},
	Author = {Shao, Xuhui and Li, Lexin},
	Booktitle = {Proceedings of the 17th ACM SIGKDD International Conference on Knowledge Discovery and Data Mining},
	Pages = {258--264},
	Publisher = {ACM},
	Title = {Data-Driven Multi-Touch Attribution Models},
	Year = {2011}}

@article{kamijo2000traffic,
	Author = {Kamijo, Shunsuke and Matsushita, Yasuyuki and Ikeuchi, Katsushi and Sakauchi, Masao},
	Journal = {Intelligent Transportation Systems, IEEE Transactions on},
	Number = {2},
	Pages = {108--118},
	Publisher = {IEEE},
	Title = {Traffic Monitoring and Accident Detection at Intersections},
	Volume = {1},
	Year = {2000}}

@article{neal1997monte,
	Author = {Neal, Radford M},
	Journal = {arXiv preprint},
	Title = {Monte Carlo Implementation of Gaussian Process Models for Bayesian Regression and Classification},
	Volume = {arXiv:physics/9701026},
	Year = {1997}}

@article{cox1975note,
	Author = {Cox, David R},
	Journal = {Biometrika},
	Number = {3},
	Pages = {651--654},
	Publisher = {Biometrika Trust},
	Title = {A Note on Partially Bayes Inference and the Linear Model},
	Volume = {62},
	Year = {1975}}

@article{meshkani1992empirical,
	Author = {Meshkani, Mohammad Reza and Billard, Lynne},
	Journal = {Biometrika},
	Number = {1},
	Pages = {185--193},
	Publisher = {Biometrika Trust},
	Title = {Empirical Bayes Estimators for a Finite Markov Chain},
	Volume = {79},
	Year = {1992}}

@article{lee1968maximum,
	Author = {Lee, T Cv and Judge, GG and Zellner, Arnold},
	Journal = {Journal of the American Statistical Association},
	Number = {324},
	Pages = {1162--1179},
	Publisher = {Taylor \& Francis Group},
	Title = {Maximum Likelihood and Bayesian Estimation of Transition Probabilities},
	Volume = {63},
	Year = {1968}}

@article{goldner2012markov,
	Author = {Goldner, Keith},
	Journal = {Journal of Quantitative Analysis in Sports},
	Number = {1},
	Title = {A Markov Fodel of Football: Using Stochastic Processes to Model a Football Drive},
	Volume = {8},
	Year = {2012}}

@article{yang2004two,
	Author = {Yang, Tae Young and Swartz, Tim},
	Journal = {Journal of Data Science},
	Number = {1},
	Pages = {61--73},
	Publisher = {中華資料採礦協會},
	Title = {A Two-Stage Bayesian Model for Predicting Winners in Major League Baseball},
	Volume = {2},
	Year = {2004}}

@article{cox1975partial,
	Author = {Cox, David R},
	Journal = {Biometrika},
	Number = {2},
	Pages = {269--276},
	Publisher = {Biometrika Trust},
	Title = {Partial Likelihood},
	Volume = {62},
	Year = {1975}}

@article{wong1986theory,
	Author = {Wong, Wing Hung},
	Journal = {The Annals of Statistics},
	Pages = {88--123},
	Publisher = {JSTOR},
	Title = {Theory of Partial Likelihood},
	Year = {1986}}

@article{gneiting2007probabilistic,
	Author = {Gneiting, Tilmann and Balabdaoui, Fadoua and Raftery, Adrian E},
	Journal = {Journal of the Royal Statistical Society: Series B (Statistical Methodology)},
	Number = {2},
	Pages = {243--268},
	Publisher = {Wiley Online Library},
	Title = {Probabilistic forecasts, calibration and sharpness},
	Volume = {69},
	Year = {2007}}

@book{kemeny1976finite,
	Author = {Kemeny, John G and Snell, James Laurie},
	Publisher = {Springer},
	Title = {Finite Markov chains: with a new appendix" Generalization of a fundamental matrix"},
	Year = {1976}}

@article{rue2001fast,
	Author = {Rue, H{\aa}vard},
	Journal = {Journal of the Royal Statistical Society: Series B (Statistical Methodology)},
	Number = {2},
	Pages = {325--338},
	Publisher = {Wiley Online Library},
	Title = {Fast sampling of Gaussian Markov random fields},
	Volume = {63},
	Year = {2001}}
